@misc{inspecbvGarmentInspection,
  author = {{InSpec by Bureau Veritas}},
  title = {Garment Inspection. Everything You Need to Know},
  year = {2023},
  url = {https://www.inspec-bv.com/marketing/solutions/product-inspection/garment-quality-inspection},
  note = {Accessed: 2024-03-08}
}

@online{xataka150000Millones,
  author = {Miguel Trula, Esther},
  title = {150.000 millones de prendas de ropa al año (y otras cifras en las que las tiendas no quieren que pienses)},
  year = {2019},
  url = {https://www.xataka.com/magnet/150-000-millones-prendas-ropa-al-ano-otras-cifras-que-tiendas-no-quieren-que-pienses},
  urldate = {2024-03-08}
}

@online{hqtsWhatQuality,
  author = {{HQTS}},
  title = {What Is Quality Control in Garment Industry? [Standards and Procedures]},
  year = {2022},
  url = {https://www.hqts.com/apparel-quality-control-standards-and-procedures/},
  urldate = {2024-03-08}
}

@online{qimaProcedimientosInspeccin,
  author = {{QIMA}},
  title = {Procedimientos de inspección de calidad que toda marca de ropa debe conocer},
  year = {2024},
  url = {https://blog.qima.es/inspection/garment-quality-inspection-procedures},
  urldate = {2024-03-08}
}

@article{Rocha2023,
  title = {Blind People: Clothing Category Classification and Stain Detection Using Transfer Learning},
  volume = {13},
  ISSN = {2076-3417},
  url = {http://dx.doi.org/10.3390/app13031925},
  DOI = {10.3390/app13031925},
  number = {3},
  journal = {Applied Sciences},
  publisher = {MDPI AG},
  author = {Rocha,  Daniel and Soares,  Filomena and Oliveira,  Eva and Carvalho,  Vítor},
  year = {2023},
  month = feb,
  pages = {1925}
}

@misc{oshimaEfficientHandheld,
	author = {OSHIMA TAIWAN},
	title = {Efficient Handheld Metal Detection},
	howpublished = {\url{https://www.oshima.com.tw/en/product/needle-detection-weighing/handheld-needle-detector-on-30}},
	year = {},
	note = {[Accessed 08-03-2024]},
}

@misc{oshimaOSHIMAGarment,
	author = {OSHIMA TAIWAN},
	title = {Why OSHIMA garment needle detector machine is right one for you?},
	howpublished = {\url{https://www.oshima.com.tw/en/product/needle-detection-weighing/digital-conveyor-needle-detectors-on-688cd6s-688cdd6s}},
	year = {},
	note = {[Accessed 08-03-2024]},
}

@misc{us20200178632a1,
  title = {Automated control and inspection system for manufacture and measurement of apparel},
  author = {Dhruv Agarwal},
  url = {https://patents.google.com/patent/US20200178632A1/en},
  year = {2020},
  month = {06},
  note = {Número de Patente: US20200178632A1},
  publisher = {Oficina de Patentes de Estados Unidos}
}

@misc{US5530652A,
  title = {Automatic garment inspection and measurement system},
  author = {Gene F. CroyleWei-Chin Lin},
  url = {https://patents.google.com/patent/US5530652A/en},
  year = {1994},
  month = {06},
  note = {Número de Patente: US20200178632A1},
  publisher = {Oficina de Patentes de Estados Unidos}
}

@misc{EP4095520A1,
  title        = {A system for quality control of a piece of clothing},
  author       = {Tommy VERMINCK, Zander MACHARIS},
  howpublished = {Patente},
  year         = {Año de publicación},
  month        = {Mes de publicación},
  note         = {Número de patente: EP4095520A1},
  url          = {https://patents.google.com/patent/EP4095520A1/en}
}

@misc{BonillaPastor2015,
  author = {Bonilla Pastor, Elsie},
  title = {La gestión de la calidad y su relación con los costos de desechos y desperdicios en las mypes de la confección textil},
  year = {2015},
  howpublished = {Universidad de Lima},
  note = {Recibido: 29 de octubre de 2014 / Aprobado: 1 de julio de 2015},
  url = {https://www.ulima.edu.pe},
}

@article{KujawinskaVogt2015,
  title={Human Factors in Visual Quality Control},
  author={Kujawińska, Agnieszka and Vogt, Katarzyna},
  journal={Management and Production Engineering Review},
  volume={6},
  number={2},
  pages={25--31},
  year={2015},
  publisher={De Gruyter},
  doi={10.1515/mper-2015-0013},
  url={https://www.researchgate.net/publication/279248156},
}

@inproceedings{Islam2006ASuitable,
  title={A Suitable Neural Network to Detect Textile Defects},
  author={Md. Atiqul Islam and Shamim Akhter and Tamnun E. Mursalin and M. Ashraful Amin},
  booktitle={Lecture Notes in Computer Science},
  year={2006},
  month={October},
  organization={Springer},
  doi={10.1007/11893257_48},
  note={Conference Paper},
}

@article{article,
author = {Jadhav, S and Sharma, G and Daberao, Amarjeet and Gulhane, Sujit},
year = {2017},
month = {10},
pages = {},
title = {Improving Productivity of Garment Industry with Time Study}
}

@online{TextileLearner,
  author       = {{Textile Learner}},
  title        = {Application of AI in Quality Control in Textile and Apparel Industry},
  year         = {2023},
  url          = {https://textilelearner.net/application-of-ai-in-quality-control-in-textile-apparel-industry/},
  urldate      = {2024-03-09},
  note         = {Último acceso el 9 de marzo de 2024}
}

@inproceedings{Li2017AutomaticMeasurement,
  title={Automatic Measurement of Garment Sizes Using Image Recognition},
  author={Chunxiao Li and Huimin Liu and Ying Xu and Meiling Feng and Yi Xiao and Dongliang Zhang},
  booktitle={Proceedings of the International Conference on Graphics and Signal Processing (ICGSP '17)},
  year={2017},
  address={Singapore, Singapore},
  publisher={ACM},
  note={ISBN 978-1-4503-5239-0/17/06},
  doi={10.1145/3121360.3121382}
}

@inproceedings{Moreno2017,
  title={System of error detection in the manufacture of garments using artificial vision},
  author={Moreno, J J and Aguila, A and Partida, E and Martínez, C L and Morales, O and Tejeida, R},
  booktitle={IOP Conference Series: Materials Science and Engineering},
  volume={272},
  pages={012014},
  year={2017},
  organization={IOP Publishing},
  doi={10.1088/1757-899X/272/1/012014}
}

@article{Rocha2023,
  author = {Rocha, Daniel and Pinto, Leandro and Machado, José and Soares, Filomena and Carvalho, Vítor},
  title = {Using Object Detection Technology to Identify Defects in Clothing for Blind People},
  journal = {Sensors},
  volume = {23},
  number = {4381},
  year = {2023},
  doi = {https://doi.org/10.3390/s23094381},
  publisher = {MDPI},
  url = {https://www.mdpi.com/1424-8220/23/9/4381}
}

@patent{CN218147467U,
  author = "Lin, Xuguang and Lin, Sen and Li, Yusheng",
  title = "{Intelligent needle inspection machine}",
  year = "2022",
  month = "12",
  day = "27",
  publisher = "Qingdao Gaoda Lace Co., Ltd.",
  address = "No. 183, Shuangyuan Road, Chengyang District, Qingdao City, Shandong Province, 266000",
  number = "CN218147467U",
  note = "Patent CN218147467U"
}

@article{AparicioPico2022,
  title = {Aplicación de Deep Learning para la identificación de defectos superficiales utilizados en control de calidad de manufactura y producción industrial: Una revisión de la literatura},
  volume = {28},
  ISSN = {0121-750X},
  url = {http://dx.doi.org/10.14483/23448393.18934},
  DOI = {10.14483/23448393.18934},
  number = {1},
  journal = {Ingeniería},
  publisher = {Universidad Distrital Francisco Jose de Caldas},
  author = {Aparicio Pico,  Lilia Edith and Devia Lozano,  Paola and Amaya Marroquin,  Oscar Julian},
  year = {2022},
  month = nov,
  pages = {e18934}
}

@article{SanchezRomero2023,
  title = {Revisión de la literatura sobre el uso del aprendizaje profundo enfocado en sistemas de inspección ópticos automatizados para la detección de defectos superficiales en el sector de la manufactura},
  volume = {6},
  ISSN = {2697-3642},
  url = {http://dx.doi.org/10.18779/ingenio.v6i2.680},
  DOI = {10.18779/ingenio.v6i2.680},
  number = {2},
  journal = {Revista InGenio},
  publisher = {Universidad Tecnica Estatal de Quevedo},
  author = {Sanchez-Romero,  Jonathan and Llerena-Izquierdo,  Joe},
  year = {2023},
  month = jul,
  pages = {1–19}
}

@misc{RMG2021AIGarment,
  author = {{RMG Bangladesh}},
  title = {Finally AI in manufacturing: Garment measurement inspection in a flash},
  year = {2021},
  month = {January},
  url = {https://rmgbd.net/2021/01/finally-ai-in-manufacturing-garment-measurement-inspection-in-a-flash/}
}

@online{LaCamara2022,
  author = {{Cámara de Comercio de Lima}},
  title = {Comportamiento del sector textil y confecciones en el 2022},
  year = 2022,
  url = {https://lacamara.pe/comportamiento-del-sector-textil-y-confecciones-en-el-2022/},
  urldate = {2024-03-29}
}

@misc{TetraInspection2024,
  author = {{Tetra Inspection}},
  title = {Quality Control in the Clothing Industry: A Practical Guide},
  year = {2024},
  url = {https://tetrainspection.com/quality-control-clothing/},
  note = {Accessed: date}
}

@techreport{VDI2221_2019,
  title = {Entwicklung technischer Produkte und Systeme - Modell der Produktentwicklung},
  institution = {VDI-Gesellschaft Produkt- und Prozessgestaltung},
  year = {2019},
  month = {11},
  note = {Verfügbar in Deutsch und Englisch},
  number = {Blatt 1},
  pages = {56},
  abstract = {Die Norm behandelt grundlegende Prinzipien des methodischen Designs aller Arten von technischen Produkten und Systemen und definiert die zentralen Ziele, Aktivitäten und Ergebnisse der Arbeit in einem "Modell der Produktentwicklung".},
  url = {https://www.vdi.de/en/home/vdi-standards/details/vdi-2221-blatt-1-design-of-technical-products-and-systems-model-of-product-design}
}

@techreport{VDIVDE2206_2021,
  title = {Entwicklung mechatronischer und cyber-physischer Systeme},
  institution = {VDI/VDE-Gesellschaft Mess- und Automatisierungstechnik},
  year = {2021},
  month = {11},
  note = {Verfügbar in Deutsch und Englisch},
  pages = {67},
  abstract = {Diese Norm gilt für alle Aufgaben bei der Entwicklung von cyber-physischen mechatronischen Systemen (CPMS). Sie umfasst die Darstellung der sachlogischen Zusammenhänge mit dem Ziel, den Anwendern eine erfolgreiche Entwicklung eines komplexen technischen Systems zu ermöglichen.},
  url = {https://www.vdi.de/en/home/vdi-standards/details/vdivde-2206-development-of-mechatronic-and-cyber-physical-systems}
}

@misc{VDI2225_series,
  title        = {VDI 2225 Series - Design Engineering Methodics: Engineering Design at Optimum Cost},
  author       = {{VDI-Gesellschaft Produkt- und Prozessgestaltung}},
  year         = {Various years},
  note         = {The series includes multiple parts focusing on simplified calculation of costs, tables for engineering design at optimum cost, and valuation of costs, available in German.},
  howpublished = {Verband Deutscher Ingenieure},
  url          = {https://www.vdi.de/en/home/vdi-standards}
}
